@inproceedings{li:alife14,
  title={Evolving Multimodal Behavior Through Subtask and Switch Neural Networks},
  author={Xun Li and Risto Miikkulainen},
  booktitle={Proceedings of The Fourteenth International Conference on the Synthesis and Simulation of Living Systems (ALIFE 14)},
  url="http://nn.cs.utexas.edu/?li:alife14",
  year={2014}
}

@misc{dogtooth,
    author    = "DOGTOOTH TECHNOLOGIES LIMITED",
    title     = "ROBOTIC HARVESTING",
    url       = "https://dogtooth.tech/"
}

@mastersthesis{tonder2013multi,
  title={Multi-Objective Neuroevolution in Super Mario Bros.},
  author={T{\o}nder, Lars Solvoll and Olsen, Ole-Petter},
  year={2013},
  school={Institutt for datateknikk og informasjonsvitenskap}
}

@article{Huizinga2018EvolvingMR,
  title={Evolving Multimodal Robot Behavior via Many Stepping Stones with the Combinatorial Multi-Objective Evolutionary Algorithm},
  author={Joost Huizinga and Jeff Clune},
  journal={CoRR},
  year={2018},
  volume={abs/1807.03392}
}

@article{behavioraldiversity,
  author = {Mouret, Jean-Baptiste and Doncieux, Stéphane},
  year = {2011},
  month = {08},
  pages = {91-133},
  title = {Encouraging Behavioral Diversity in Evolutionary Robotics: An Empirical Study},
  volume = {20},
  journal = {Evolutionary computation},
  doi = {10.1162/EVCO_a_00048}
}

@article{hyperneat,
  author = {Stanley, Kenneth O. and D'Ambrosio, David B. and Gauci, Jason},
  title = {A Hypercube-Based Encoding for Evolving Large-Scale Neural Networks},
  journal = {Artificial Life},
  volume = {15},
  number = {2},
  pages = {185-212},
  year = {2009},
  doi = {10.1162/artl.2009.15.2.15202},
  note ={PMID: 19199382},
  URL = { https://doi.org/10.1162/artl.2009.15.2.15202 },
  eprint = { https://doi.org/10.1162/artl.2009.15.2.15202 },
  abstract = { Abstract Research in neuroevolutionâthat is, evolving artificial neural networks (ANNs) through evolutionary algorithmsâis inspired by the evolution of biological brains, which can contain trillions of connections. Yet while neuroevolution has produced successful results, the scale of natural brains remains far beyond reach. This article presents a method called hypercube-based NeuroEvolution of Augmenting Topologies (HyperNEAT) that aims to narrow this gap. HyperNEAT employs an indirect encoding called connective compositional pattern-producing networks (CPPNs) that can produce connectivity patterns with symmetries and repeating motifs by interpreting spatial patterns generated within a hypercube as connectivity patterns in a lower-dimensional space. This approach can exploit the geometry of the task by mapping its regularities onto the topology of the network, thereby shifting problem difficulty away from dimensionality to the underlying problem structure. Furthermore, connective CPPNs can represent the same connectivity pattern at any resolution, allowing ANNs to scale to new numbers of inputs and outputs without further evolution. HyperNEAT is demonstrated through visual discrimination and food-gathering tasks, including successful visual discrimination networks containing over eight million connections. The main conclusion is that the ability to explore the space of regular connectivity patterns opens up a new class of complex high-dimensional tasks to neuroevolution. }
}
@article{pugh2013evolving,
  title={Evolving Multimodal Controllers with HyperNEAT. Proceedings of the Genetic and Evolutionary Computation Conference (GECCO 2013)},
  author={Pugh, JK and Stanley, KO},
  year={2013}
}

@inproceedings{stanley2011constraining,
  title={Constraining connectivity to encourage modularity in HyperNEAT},
  author={Stanley, K and Verbancsics, P},
  booktitle={Proceedings of the Genetic and Evolutionary Computation Conference (GECCO 2011)},
  year={2011}
}

@inproceedings{stanley2003evolving,
  title={Evolving adaptive neural networks with and without adaptive synapses},
  author={Stanley, Kenneth O and Bryant, Bobby D and Miikkulainen, Risto},
  booktitle={Evolutionary Computation, 2003. CEC'03. The 2003 Congress on},
  volume={4},
  pages={2557--2564},
  year={2003},
  organization={IEEE}
}

@book{back1996evolutionary,
  title={Evolutionary algorithms in theory and practice: evolution strategies, evolutionary programming, genetic algorithms},
  author={Back, Thomas},
  year={1996},
  publisher={Oxford university press}
}

@incollection{deb2014multi,
  title={Multi-objective optimization},
  author={Deb, Kalyanmoy},
  booktitle={Search methodologies},
  pages={403--449},
  year={2014},
  publisher={Springer}
}

@inproceedings{deb2000fast,
  title={A fast elitist non-dominated sorting genetic algorithm for multi-objective optimization: NSGA-II},
  author={Deb, Kalyanmoy and Agrawal, Samir and Pratap, Amrit and Meyarivan, Tanaka},
  booktitle={International Conference on Parallel Problem Solving From Nature},
  pages={849--858},
  year={2000},
  organization={Springer}
}

@article{fortin2012deap,
  title={DEAP: Evolutionary algorithms made easy},
  author={Fortin, F{\'e}lix-Antoine and Rainville, Fran{\c{c}}ois-Michel De and Gardner, Marc-Andr{\'e} and Parizeau, Marc and Gagn{\'e}, Christian},
  journal={Journal of Machine Learning Research},
  volume={13},
  number={Jul},
  pages={2171--2175},
  year={2012}
}

@article{stanley2002evolving,
  title={Evolving neural networks through augmenting topologies},
  author={Stanley, Kenneth O and Miikkulainen, Risto},
  journal={Evolutionary computation},
  volume={10},
  number={2},
  pages={99--127},
  year={2002},
  publisher={MIT Press}
}

@inproceedings{ivaldi2014tools,
  title={Tools for simulating humanoid robot dynamics: a survey based on user feedback},
  author={Ivaldi, Serena and Peters, Jan and Padois, Vincent and Nori, Francesco},
  booktitle={Humanoid Robots (Humanoids), 2014 14th IEEE-RAS International Conference on},
  pages={842--849},
  year={2014},
  organization={IEEE}
}

@inproceedings{rohmer2013v,
  title={V-REP: A versatile and scalable robot simulation framework},
  author={Rohmer, Eric and Singh, Surya PN and Freese, Marc},
  booktitle={Intelligent Robots and Systems (IROS), 2013 IEEE/RSJ International Conference on},
  pages={1321--1326},
  year={2013},
  organization={IEEE}
}

@inproceedings{koenig2004design,
  title={Design and use paradigms for Gazebo, an open-source multi-robot simulator.},
  author={Koenig, Nathan P and Howard, Andrew},
  booktitle={IROS},
  volume={4},
  pages={2149--2154},
  year={2004},
  organization={Citeseer}
}

@article{nogueira2014comparative,
  title={Comparative analysis between gazebo and v-rep robotic simulators},
  author={Nogueira, Lucas},
  journal={Seminario Interno de Cognicao Artificial-SICA},
  volume={2014},
  pages={5},
  year={2014}
}

@inproceedings{quigley2009ros,
  title={ROS: an open-source Robot Operating System},
  author={Quigley, Morgan and Conley, Ken and Gerkey, Brian and Faust, Josh and Foote, Tully and Leibs, Jeremy and Wheeler, Rob and Ng, Andrew Y},
  booktitle={ICRA workshop on open source software},
  volume={3},
  number={3.2},
  pages={5},
  year={2009},
  organization={Kobe, Japan}
}

@article{mondada2017thymio,
  title={The Thymio Open-Source Hardware Robot},
  author={Mondada, Francesco and Bonani, Michael and Riedo, Fanny and Briod, Manon and Pereyre, L{\'e}a and R{\'e}tornaz, Philippe and Magnenat, St{\'e}phane},
  journal={IEEE Robotics \& Automation Magazine},
  volume={1070},
  number={9932/17},
  pages={2},
  year={2017}
}

@inproceedings{retornaz2013seamless,
  title={Seamless multi-robot programming for the people: ASEBA and the wireless Thymio II robot},
  author={R{\'e}tornaz, Philippe and Riedo, Fanny and Magnenat, St{\'e}phane and Vaussard, Florian Christopher and Bonani, Michael and Mondada, Francesco},
  booktitle={Information and Automation (ICIA), 2013 IEEE International Conference on},
  number={EPFL-CONF-188402},
  pages={337--343},
  year={2013},
  organization={IEEE}
}
