@inproceedings{meyer1998evolutionary,
  title={Evolutionary robotics: A survey of applications and problems},
  author={Meyer, Jean-Arcady and Husbands, Phil and Harvey, Inman},
  booktitle={European Workshop on Evolutionary Robotics},
  pages={1--21},
  year={1998},
  organization={Springer}
}

@inproceedings{grefenstette1994evolutionary,
  title={Evolutionary algorithms in robotics,"},
  author={Grefenstette, John},
  booktitle={International Symposium on Robotics and Manufacturing (ISRAM)},
  year={1994},
  organization={Citeseer}
}

@article{salomon1999evolving,
  title={Evolving and optimizing Braitenberg vehicles by means of evolution strategies},
  author={Salomon, Ralf},
  journal={Int. J. Smart Eng. Syst. Design},
  volume={2},
  number={6977},
  year={1999}
}s

@article{faina2017automating,
  title={Automating the incremental evolution of controllers for physical robots},
  author={Fa{\'\i}{\~n}a, Andr{\'e}s and Jacobsen, Lars Toft and Risi, Sebastian},
  journal={Artificial life},
  volume={23},
  number={2},
  pages={142--168},
  year={2017},
  publisher={MIT Press}
}